@book{gough2004,
    author    = "Brian Gough",
    title     = "An Introduction to GCC",
    publisher = "Network Theory Limited",
    year      = "2004",
    pages     = "7"
}
